<record><leader>00000cas a22000007a 4500</leader><controlfield tag="001">2623396</controlfield><controlfield tag="008">761215d18401841deuwr ne      0    0eng  </controlfield><datafield ind1=" " ind2=" " tag="010"><subfield code="a">sn 84020421 </subfield><subfield code="z">   76642559 </subfield></datafield><datafield ind1=" " ind2=" " tag="040"><subfield code="a">DLC</subfield><subfield code="b">eng</subfield><subfield code="c">DLC</subfield><subfield code="d">OCLCQ</subfield><subfield code="d">DLC</subfield></datafield><datafield ind1=" " ind2=" " tag="042"><subfield code="a">msc</subfield></datafield><datafield ind1="0" ind2="0" tag="050"><subfield code="a">Newspaper 7269-X</subfield></datafield><datafield ind1="0" ind2="4" tag="245"><subfield code="a">The American Republican.</subfield></datafield><datafield ind1="1" ind2="3" tag="246"><subfield code="a">Republican</subfield></datafield><datafield ind1=" " ind2=" " tag="260"><subfield code="a">Georgetown, Del. :</subfield><subfield code="b">H.H. Cannon</subfield></datafield><datafield ind1=" " ind2=" " tag="300"><subfield code="a">v. ;</subfield><subfield code="c">50 cm.</subfield></datafield><datafield ind1=" " ind2=" " tag="310"><subfield code="a">Weekly</subfield></datafield><datafield ind1="1" ind2=" " tag="362"><subfield code="a">Began with Oct. 1840 issue; ceased in May 1841.</subfield></datafield><datafield ind1=" " ind2=" " tag="588"><subfield code="a">Description based on: Vol. 1, no. 4 (Dec. 12, 1840).</subfield></datafield><datafield ind1=" " ind2=" " tag="752"><subfield code="a">United States</subfield><subfield code="b">Delaware</subfield><subfield code="c">Sussex</subfield><subfield code="d">Georgetown.</subfield></datafield><datafield ind1="0" ind2="7" tag="785"><subfield code="t">Democratic free press and farmers', manufacturers' and mechanics' advocate</subfield><subfield code="w">(DLC)sn 87062246</subfield><subfield code="w">(OCoLC)16072918</subfield></datafield><datafield ind1="0" ind2="7" tag="785"><subfield code="t">Delaware Republican and farmers' manufacturers' and mechanics' advocate</subfield><subfield code="x">2476-2741</subfield><subfield code="w">(DLC)sn 82014718</subfield><subfield code="w">(OCoLC)8787166</subfield></datafield><datafield ind1="1" ind2=" " tag="029"><subfield code="a">AU@</subfield><subfield code="b">000025809910</subfield></datafield></record>